@inproceedings{lee2002empirical,
  title={An empirical evaluation of knowledge sources and learning algorithms for word sense disambiguation},
  author={Lee, Yoong Keok and Ng, Hwee Tou},
  booktitle={Proceedings of the ACL-02 conference on Empirical methods in natural language processing-Volume 10},
  pages={41--48},
  year={2002},
  organization={Association for Computational Linguistics}
}

@article{schutze92context,
	author = {Schutze, Hinrich},
	year = "1992",
	title = {Context Space},
	journal = {In Working Notes of the AAAI Fall Symposium on Probabilistic Approaches to Natural Language},
	pages = "113--120"
}

@inproceedings{yarowsky1995unsupervised,
  title={Unsupervised word sense disambiguation rivaling supervised methods},
  author={Yarowsky, David},
  booktitle={Proceedings of the 33rd annual meeting on Association for Computational Linguistics},
  pages={189--196},
  year={1995},
  organization={Association for Computational Linguistics}
}

@InProceedings{yuan2016semi,
  author = 	"Yuan, Dayu
		and Richardson, Julian
		and Doherty, Ryan
		and Evans, Colin
		and Altendorf, Eric",
  title = 	"Semi-supervised Word Sense Disambiguation with Neural Models",
  booktitle = 	"Proceedings of COLING 2016, the 26th International Conference on Computational Linguistics: Technical Papers",
  year = 	"2016",
  publisher = 	"The COLING 2016 Organizing Committee",
  pages = 	"1374--1385",
  location = 	"Osaka, Japan",
  url = 	"http://aclweb.org/anthology/C16-1130"
}

